@book{aikhenvald2004,
author="Alexandra Y. Aikhenvald",
title="Evidentiality",
year=2004,
publisher="Oxford University Press",
address="Oxford",
}

@book{simone2008,
author="Raffaele Simone",
title="Fondamenti di linguistica",
year=2008,
publisher="Editori Laterza",
address="Roma-Bari"
}

@book{cecchetto2002,
author="Carlo Cecchetto",
title="Introduzione alla sintassi. La teoria dei principi e dei parametri",
year=2002,
publisher="LED - Edizioni Universitarie di Lettere Economia Diritto",
address="Milano"
}

@book{chomsky1965,
author="Noam Chomsky",
title="Aspects of the Theory of Syntax",
year=1965,
publisher="MIT Press",
address="Cambridge, Mass.",
}

@book{chomsky2002,
author="Noam Chomsky",
title="Syntactic Structures",
year="2002",
publisher="Mouton de Gruyer",
address="Berlin",
note="(II ed.)"
}

@incollection{dehaan2005a,
author="Ferdinand de Haan",
title="Typological approaches to modality",
booktitle="Modality",
editor="William Frawley",
year=2005,
publisher="Mouton de Gruyer",
address="Berlin"
}

@incollection{dehaan2005b,
author="Ferdinand de Haan",
title="Encoding speaker perspective: Evidentials",
booktitle="Linguistic Diversity and Language Theories",
editor="Zygmunt Frajzyngier and Adam Hodges and David S. Rood",
year=2005,
publisher="John Benjamins Publishing Company",
address="Amsterdam",
pages="379-398"
}

@incollection{johanson2000,
author="Lars Johanson",
title="Turkic indirectives",
year=2000,
pages="61-87",
editor="Lars Johanson and Bo Utas",
booktitle="Evidentials: Turkic, Iranian and neighboring languages",
publisher="Mouton de Gruyer",
address="Berlin"
}

@incollection{aikhenvald2003,
author="Alexandra Y. Aikhenvald",
title="Evidentiality in typological perspective",
editor="Alexandra Y. Aikhenvald and {R. M. W.} Dixon",
year=2003,
booktitle="Studies in evidentiality. Typological studies in language (Vol. 54)",
publisher="John Benjamins Publishing Company",
address="Amsterdam",
pages="33-62"
}

@incollection{johanson2003,
author="Lars Johanson",
title="Evidentiality in Turkic",
editor="Alexandra Y. Aikhenvald and {R. M. W.} Dixon",
year=2003,
booktitle="Studies in evidentiality. Typological studies in language (Vol. 54)",
publisher="John Benjamins Publishing Company",
address="Amsterdam",
pages="273-290"
}

@article{squartini2007,
title="L'evidenzialità in rumeno e nelle altre lingue romanze",
author="Mario Squartini",
journal="Zeitschrift für romanische Philologie",
volume="121", 
number="2", 
pages="246–268",
month="December",
year=2007
}

@article{cruschina,
title="Existential constructions in italo-romance",
author="Silvio Cruschina",
year=2000
}

@incollection{speas2003,
  title="Configurational properties of point of view roles",
  author="Speas, Peggy and Tenny, Carol",
  booktitle="Asymmetry in grammar",
  pages="315-343",
  year=2003,
publisher="John Benjamins Publishing Company",
address="Amsterdam",
}

@article{speas2004,
author="Peggy Speas", 
title="Evidentiality, Logophoricity and tha Syntactic Representation of Pragmatic Features",
journal="Lingua",
volume="114.3",
 year=2004,
pages="255-276"
}

@article{wiebe1994,
  title={Tracking point of view in narrative},
  author={Wiebe, Janyce M},
  journal={Computational Linguistics},
  volume={20},
  number={2},
  pages={233--287},
  year={1994},
  publisher={MIT Press}
}